@online{aweHomepage,
	title = {AWE USA},
	date = {2019},
	url = {https://www.awexr.com/usa-2019/},
}


@misc{ebuHDTVRef,
	title 			= {{MS Windows NT} Kernel Description},
  	howpublished 	= {\url{http://web.archive.org/web/20080207010024/http://www.808multimedia.com/winnt/kernel.htm}},
  	note 			= {Accessed: 2010-09-30}
}

@misc{unityHistory,
	title 			= {{MS Windows NT} Kernel Description},
  	howpublished 	= {\url{http://web.archive.org/web/20080207010024/http://www.808multimedia.com/winnt/kernel.htm}},
  	note 			= {Accessed: 2010-09-30}
}

@misc{unity3ReleaseNews,
	title 			= {{MS Windows NT} Kernel Description},
  	howpublished 	= {\url{http://web.archive.org/web/20080207010024/http://www.808multimedia.com/winnt/kernel.htm}},
  	note 			= {Accessed: 2010-09-30}
}

@misc{aholaUnityVR,
	title 			= {{MS Windows NT} Kernel Description},
  	howpublished 	= {\url{http://web.archive.org/web/20080207010024/http://www.808multimedia.com/winnt/kernel.htm}},
  	note 			= {Accessed: 2010-09-30}
}

@misc{unrealAwards,
	title 			= {{MS Windows NT} Kernel Description},
  	howpublished 	= {\url{http://web.archive.org/web/20080207010024/http://www.808multimedia.com/winnt/kernel.htm}},
 	note 			= {Accessed: 2010-09-30}
}

@misc{bestHMDs,
	title 			= {The Best VR Headsets for 2019},
	howpublished 	= {\url{https://www.pcmag.com/article/342537/the-best-virtual-reality-vr-headsets}},
	note 			= {Accessed: 2019-08-27}
}

@inproceedings{bestPracticesVR,
    author = {Jonathan Schlueter,Holly Baiotto,Melynda Hoover,Vijay Kalivarapu,Gabriel Evans,Eliot Winer},
    title = {Best practices for cross-platform virtual reality development},
    volume = {10197},
   	booktitle 	= {IDegraded Environments: Sensing, Processing, and Display},
    year = {2017},
    doi = {10.1117/12.2262718},
    URL = {https://doi.org/10.1117/12.2262718},
    eprint = {}
}


%
% Previous CAVE References
%

@inproceedings{wegman,
	author		= {Edward J. Wegman and Jürgen Symanzik and J. Patrick V and Qiang Luo and O Camelli and Antoinette Dzubay and Xiaodong Fu and Nkem-amin Khumbah and E. A. Moustafa and Robert L. Wall and Ying Zhu},
	title 		= {The MiniCAVE --- A Voice--Controlled IPT Environment},
	booktitle 	= {International Immersive Projection Technology Workshop},
	year 		= {1999},
	pages 		= {10--11}
}

@inproceedings{belleman,
	author 		= {Robert Belleman Bram and Robert G. Belleman and Bram Stolk and Raymond De Vries},
	title 		= {Immersive Virtual Reality on commodity hardware},
	booktitle 	= {Proceedings of the 7th annual conference of the Advanced School for Computing and Imaging},
	year 		= {2001},
	pages 		= {297--304}
}

@inproceedings{powei,
	author 		= {Lin, Po-Wei and Pan, Zhigeng and Yang, Jian and Shi, Jiao-Ying},
	title 		= {Implementation of a low-cost CAVE system based on networked PCs},
	booktitle 	= {Virtual Environment on a PC Cluster Workshop},
	year 		= {2002},
	pages 		= {33--40}
}

@inproceedings{miller, 
	author 		= {Miller, Samuel A. and Misch, Noah J. and Dalton, Aaron J.}, 
	title 		= {{Low-Cost, Portable, Multi-Wall Virtual Reality}}, 
	booktitle 	= {Eurographics Symposium on Virtual Environments}, 
	year 		= {2005}
}

@inproceedings{peternier,
  	author    = {Achille Peternier and Sylvain Cardin and Fr{\'{e}}d{\'{e}}ric Vexo and Daniel Thalmann},
  	title     = {Practical design and implementation of a cave system - high quality four walls cave howto},
  	booktitle = {{GRAPP} 2007, Proceedings of the Second International Conference on Computer Graphics Theory and Applications, Barcelona, Spain, March 8-11, 2007, Volume {AS/IE}},
  	pages     = {129--136},
  	year      = {2007}
}

@inproceedings{sorbier, 
	author		= {F. {de Sorbier} and P. {Bouvier} and A. {Herubel} and P. {Chaudeyrac} and V. {Biri} and J. {Kiss}}, 
	title		= {A virtual reality installation}, 
	booktitle	= {2008 Conference on Human System Interactions}, 
	pages		= {131-134},
	year		= {2008}
}

@article{denby,
	author 	= {"Barry Denby and Abraham Campbell and Hamish Carr and Greg O'Hare"},
	title 	= {"The LAIR: Lightweight Affordable Immersion Room"},
	journal = {"Presence: Teleoperators & Virtual Environments"},
	pages 	= {"409 - 411"},
	year 	= {"2012"}
}

@article{juarez,
	author 	= {"Alex Juarez and Willem Schonenberg and Christoph Bartneck"},
	title	= {"Implementing a low-cost CAVE system using the CryEngine2"},
	journal = {"Entertainment Computing"},
	pages 	= {"157 - 164"},
	year 	= {"2010"}
}

@article{ccnSurround,
	author 	= {Cruz-Neira, Carolina and Reiners, Dirk and Springer, Jan},
	year 	= {2010},
	pages 	= {836-843},
	title 	= {An Affordable Surround-Screen Virtual Reality Display},
	volume 	= {18},
	journal	= {J. Soc. Info. Display}
}

@inproceedings{fowler,
    author      = {
        Richard H. Fowler and Moises D. Carrillo and Raul A. Huerta and Wendy Fowler
    },
    title       = {
        Designing a Low Cost Immersive Environment System Twenty Years after the First CAVE
    },
    booktitle   = {
        International Conference on Computer Graphics and Virtual Reality, WORLDCOMP
    },
	year		= {2012}
}

%
% Previous CAVE Libraries
%

@article{pape1997pfcave,
  title={pfCAVE CAVE/performer library (CAVELib version 2.6)},
  author={David, Pape},
  journal={Online documentation from the Electronic Visualization Laboratory, University of Illinois at Chicago, USA},
  year={1997}
}


@article{pape1997cave,
  title={CAVE user’s guide},
  author={Pape, Dave and Cruz-Neira, Carolina and Czernuszenko, Marek},
  journal={Electronic Visualization Laboratory, University of Illinois at Chicago},
  year={1997}
}

@inproceedings{bierbaum2001vr,
  title={VR Juggler: A virtual platform for virtual reality application development},
  author={Bierbaum, Allen and Just, Christopher and Hartling, Patrick and Meinert, Kevin and Baker, Albert and Cruz-Neira, Carolina},
  booktitle={Proceedings IEEE Virtual Reality 2001},
  pages={89--96},
  year={2001},
  organization={IEEE}
}


@inproceedings{netjuggler,
    author={J. {Allard} and V. {Gouranton} and L. {Lecointre} and E. {Melin} and B. {Raffin}},
    booktitle={Proceedings IEEE Virtual Reality 2002},
    title={Net Juggler: running VR Juggler with multiple displays on a commodity component cluster},
    year={2002},
    pages={273-274}
}

@inproceedings{caveut,
    author = {
        Jacobson, Jeffrey 
        and Le Renard, Marc 
        and Lugrin, Jean-Luc 
        and Cavazza, Marc
    },
    title = {The CaveUT System: Immersive Entertainment Based on a Game Engine},
    booktitle = {Proceedings of the 2005 ACM SIGCHI International Conference on Advances in Computer Entertainment Technology},
    series = {ACE '05},
    year = {2005},
    pages = {184--187},
}

@online{early-middlevr,
    title = {MiddleVR: a Virtual Reality plugin !},
    date = {2011},
    url ={https://forum.unity.com/threads/middlevr-a-virtual-reality-plugin.97995/},
    note 			= {Accessed: 2010-09-30}
}

@inproceedings{official-middlevr,
    author={Kuntz, Sebastien},
    booktitle={2015 IEEE Virtual Reality (VR)},
    title={MiddleVR a generic VR toolbox},
    year={2015},
    pages={391-392}
}

@INPROCEEDINGS{gameEngineSurvey,
author={B. {Cowan} and B. {Kapralos}},
booktitle={2014 IEEE 14th International Conference on Advanced Learning Technologies},
title={A Survey of Frameworks and Game Engines for Serious Game Development},
year={2014},
volume={},
number={},
pages={662-664},
keywords={serious games (computing);game engines;serious game development;entertainment-based game development tools;game frameworks;Games;Engines;Libraries;Entertainment industry;Databases;Google;Second Life;serious games;game engine;framework;review},
doi={10.1109/ICALT.2014.194},
ISSN={},
month={July},}

@inproceedings{overviewUnityToolkits,
  title={Overview and Assessment of Unity Toolkits for Cave Automatic Virtual Environments and Wand Interaction},
  author={Kenneth A. Ritter and Christoph W. Borst and Terrence L. Chambers},
  year={2015}
}


%
% CAVE Requirements
%

@article{defanti-future-cave,
	title={The future of the CAVE},
	author={Thomas A. DeFanti and Daniel Acevedo and Richard A. Ainsworth and Maxine D. Brown and S. Cutchin and Gregory Dawe and Kai Doerr and Andrew Edie Johnson and Chris Knox and Robert Kooima and Falko Kuester and Jason Leigh and Lance Long and Peter Otto and Vid Petrovic and Kevin Ponto and Andrew Prudhomme and R. Ramachandra Rao and Luc Renambot and Daniel J. Sandin and J{\"u}rgen P. Schulze and Larry Smarr and Madhu Srinivasan and Philip Weber and Gregory J Wickham},
	journal={Central European Journal of Engineering},
	year={2011},
	volume={1},
	pages={16-37}
}

%
% Dashboard Papers
%
@inproceedings{vjcontrol,
    author  = {
        C. {Just} 
        and A. {Bierbaum} 
        and P. {Hartling} 
        and K. {Meinert} 
        and C. {Cruz-Neira} 
        and A. {Baker}
    },
    
    booktitle={Proceedings IEEE Virtual Reality 2001},
    title={VjControl: an advanced configuration management tool for VR Juggler applications},
    
    year={2001},
    pages={97-104},
    doi={10.1109/VR.2001.913775}
}

%
% Vive Error Tracking
%

@article{neihorsterViveAccuracy,
	author = {Niehorster, Diederick C. and Li, LI, and Lappe, Markus },
	title = {The Accuracy and Precision of Position and Orientation Tracking in the HTC Vive Virtual Reality System for Scientific Research},
	journaltitle = {Iperception},
	date = {2017}
}
